<?xml version="1.0"?>
<marc:records xmlns:marc="http://www.loc.gov/MARC21/slim" xmlns:xsi="http://www.w3.org/2001/XMLSchema-instance" xsi:schemaLocation="http://www.loc.gov/MARC21/slim http://www.loc.gov/standards/marcxml/schema/MARC21slim.xsd">
  <marc:record>
    <marc:leader>04136cam a2200529Ia 4500</marc:leader>
    <marc:controlfield tag="001">9977646151803681</marc:controlfield>
    <marc:controlfield tag="005">20200211152830.0</marc:controlfield>
    <marc:controlfield tag="008">191218s1768    tu            000 0 ara d</marc:controlfield>
    <marc:datafield ind1=" " ind2=" " tag="035">
  <marc:subfield code="a">(OCoLC)1131863704</marc:subfield>
</marc:datafield>
    <marc:datafield ind1=" " ind2=" " tag="035">
  <marc:subfield code="a">(OCoLC)on1131863704</marc:subfield>
</marc:datafield>
    <marc:datafield ind1=" " ind2=" " tag="040">
  <marc:subfield code="a">PAU</marc:subfield>
  <marc:subfield code="b">eng</marc:subfield>
  <marc:subfield code="e">amremm</marc:subfield>
  <marc:subfield code="c">PAU</marc:subfield>
  <marc:subfield code="d">PAU</marc:subfield>
  <marc:subfield code="d">OCLCF</marc:subfield>
  <marc:subfield code="d">PAU</marc:subfield>
</marc:datafield>
    <marc:datafield ind1=" " ind2="9" tag="099">
  <marc:subfield code="a">CAJS Rar Ms 133</marc:subfield>
</marc:datafield>
    <marc:datafield ind1="1" ind2=" " tag="100">
  <marc:subfield code="6">880-01</marc:subfield>
  <marc:subfield code="a">Jazu&#x304;li&#x304;, Muh&#x323;ammad ibn Sulayma&#x304;n,</marc:subfield>
  <marc:subfield code="d">1404-1465.</marc:subfield>
</marc:datafield>
    <marc:datafield ind1="1" ind2="0" tag="240">
  <marc:subfield code="6">880-02</marc:subfield>
  <marc:subfield code="a">Dala&#x304;&#x2BC;il al-khayra&#x304;t</marc:subfield>
</marc:datafield>
    <marc:datafield ind1="1" ind2="0" tag="245">
  <marc:subfield code="6">880-03</marc:subfield>
  <marc:subfield code="a">Dala&#x304;&#x2BC;il al-khayra&#x304;t wa-shawa&#x304;riq al-anwa&#x304;r fi&#x304; dhikr al-s&#x323;ala&#x304;h &#x2BB;ala&#x301; al-Nabi&#x304; al-mukhta&#x304;r.</marc:subfield>
</marc:datafield>
    <marc:datafield ind1=" " ind2=" " tag="260">
  <marc:subfield code="a">[Turkey?],</marc:subfield>
  <marc:subfield code="c">A.H. 1182 (1768)</marc:subfield>
</marc:datafield>
    <marc:datafield ind1=" " ind2=" " tag="300">
  <marc:subfield code="a">ii, 87, i leaves :</marc:subfield>
  <marc:subfield code="b">paper ;</marc:subfield>
  <marc:subfield code="c">150 x 95 (90 x 50) mm bound to 150 x 100 mm.</marc:subfield>
</marc:datafield>
    <marc:datafield ind1=" " ind2=" " tag="500">
  <marc:subfield code="a">Title from introduction (f. 2v).</marc:subfield>
</marc:datafield>
    <marc:datafield ind1=" " ind2=" " tag="500">
  <marc:subfield code="a">Foliation: Modern foliation added in pencil, upper center recto; catchwords every verso lower left.</marc:subfield>
</marc:datafield>
    <marc:datafield ind1=" " ind2=" " tag="500">
  <marc:subfield code="a">Layout: Written in 11 long lines.</marc:subfield>
</marc:datafield>
    <marc:datafield ind1=" " ind2=" " tag="500">
  <marc:subfield code="a">Script: Written in revival naskh in black ink; pointed and vocalized.</marc:subfield>
</marc:datafield>
    <marc:datafield ind1=" " ind2=" " tag="500">
  <marc:subfield code="a">Decoration: Dual-page illuminated first opening in gold with orange and pink flowers (f. 1v-2r); textblock border-ruled in gold; wide gold rules across the full page opening, or framing one side of a page-opening appear throughout the text, but not in the same pattern on each page; gold roundels with blue and orange dots punctuate the text; floral marginal medallions in blue and orange (f. 18v, for example); some pages are silver sprinkled; rubrications in red.</marc:subfield>
</marc:datafield>
    <marc:datafield ind1=" " ind2=" " tag="500">
  <marc:subfield code="a">Binding: Bound in reddish brown leather over pasteboard with flap (Type II); embossed paper onlays of a central mandorla, two pendants on the vertical axis and cornerpieces; blind-tooled frame and lines connecting mandorla to frame; gilt-stamped floral medallion on flap.</marc:subfield>
</marc:datafield>
    <marc:datafield ind1=" " ind2=" " tag="500">
  <marc:subfield code="a">Origin: The copy was completed in the middle of Sha&#x2BB;ba&#x304;n 1182 A.H. (December 1768); the scribe is not named.</marc:subfield>
</marc:datafield>
    <marc:datafield ind1=" " ind2=" " tag="520">
  <marc:subfield code="a">Copy of the popular prayer book; the dual-page illuminated opening has headings as if for a Qur&#x2BC;a&#x304;n (f. 1v-2r), but the text is Dala&#x304;&#x2BC;il al-khayra&#x304;t.</marc:subfield>
</marc:datafield>
    <marc:datafield ind1=" " ind2=" " tag="524">
  <marc:subfield code="a">CAJS Rar Ms 133</marc:subfield>
</marc:datafield>
    <marc:datafield ind1=" " ind2=" " tag="546">
  <marc:subfield code="a">Arabic.</marc:subfield>
</marc:datafield>
    <marc:datafield ind1="1" ind2=" " tag="561">
  <marc:subfield code="a">Formerly owned by the Dropsie College for Hebrew and Cognate Learning (library bookplate inside front cover).</marc:subfield>
</marc:datafield>
    <marc:datafield ind1="0" ind2="0" tag="600">
  <marc:subfield code="a">Muh&#x323;ammad,</marc:subfield>
  <marc:subfield code="c">Prophet,</marc:subfield>
  <marc:subfield code="d">-632</marc:subfield>
  <marc:subfield code="x">Devotional literature</marc:subfield>
  <marc:subfield code="v">Early works to 1800.</marc:subfield>
</marc:datafield>
    <marc:datafield ind1=" " ind2="0" tag="650">
  <marc:subfield code="a">Islam</marc:subfield>
  <marc:subfield code="x">Prayers and devotions</marc:subfield>
  <marc:subfield code="v">Early works to 1800.</marc:subfield>
</marc:datafield>
    <marc:datafield ind1=" " ind2="0" tag="655">
  <marc:subfield code="a">Manuscripts, Arabic.</marc:subfield>
</marc:datafield>
    <marc:datafield ind1=" " ind2="0" tag="655">
  <marc:subfield code="a">Manuscripts, 18th century.</marc:subfield>
</marc:datafield>
    <marc:datafield ind1=" " ind2="7" tag="655">
  <marc:subfield code="a">Codices (bound manuscripts)</marc:subfield>
  <marc:subfield code="2">aat</marc:subfield>
</marc:datafield>
    <marc:datafield ind1=" " ind2="7" tag="655">
  <marc:subfield code="a">Prayers.</marc:subfield>
  <marc:subfield code="2">aat</marc:subfield>
</marc:datafield>
    <marc:datafield ind1=" " ind2="7" tag="655">
  <marc:subfield code="a">Full covers.</marc:subfield>
  <marc:subfield code="2">lobt</marc:subfield>
</marc:datafield>
    <marc:datafield ind1=" " ind2="7" tag="655">
  <marc:subfield code="a">Onlays (decorative components)</marc:subfield>
  <marc:subfield code="2">lobt</marc:subfield>
</marc:datafield>
    <marc:datafield ind1=" " ind2="7" tag="655">
  <marc:subfield code="a">Envelope flaps (features)</marc:subfield>
  <marc:subfield code="2">lobt</marc:subfield>
</marc:datafield>
    <marc:datafield ind1=" " ind2="7" tag="655">
  <marc:subfield code="a">Islamic bindings (Binding)</marc:subfield>
  <marc:subfield code="2">rbbin</marc:subfield>
</marc:datafield>
    <marc:datafield ind1="2" ind2=" " tag="710">
  <marc:subfield code="a">Dropsie College for Hebrew and Cognate Learning,</marc:subfield>
  <marc:subfield code="e">former owner.</marc:subfield>
</marc:datafield>
    <marc:datafield ind1=" " ind2=" " tag="852">
  <marc:subfield code="b">Library at the Herbert D. Katz Center for Advanced Judaic Studies</marc:subfield>
  <marc:subfield code="a">University of Pennsylvania</marc:subfield>
  <marc:subfield code="e">420 Walnut Street, Philadelphia, Pennsylvania 19106-3703</marc:subfield>
  <marc:subfield code="j">CAJS Rar Ms 133</marc:subfield>
</marc:datafield>
    <marc:datafield ind1="4" ind2="1" tag="856">
  <marc:subfield code="z">Digital facsimile in OPenn</marc:subfield>
  <marc:subfield code="u">http://openn.library.upenn.edu/Data/0002/html/kcajs_rar_ms_133.html</marc:subfield>
</marc:datafield>
    <marc:datafield ind1="1" ind2=" " tag="880">
  <marc:subfield code="6">100-01//r</marc:subfield>
  <marc:subfield code="a">&#x62C;&#x632;&#x648;&#x644;&#x64A;&#x60C; &#x645;&#x62D;&#x645;&#x62F; &#x628;&#x646; &#x633;&#x644;&#x64A;&#x645;&#x627;&#x646;&#x60C;</marc:subfield>
  <marc:subfield code="d">14041465.</marc:subfield>
</marc:datafield>
    <marc:datafield ind1="1" ind2="0" tag="880">
  <marc:subfield code="6">240-02//r</marc:subfield>
  <marc:subfield code="a">&#x62F;&#x644;&#x627;&#x626;&#x644; &#x627;&#x644;&#x62E;&#x64A;&#x631;&#x627;&#x62A;</marc:subfield>
</marc:datafield>
    <marc:datafield ind1="1" ind2="0" tag="880">
  <marc:subfield code="6">245-03//r</marc:subfield>
  <marc:subfield code="a">&#x62F;&#x644;&#x627;&#x626;&#x644; &#x627;&#x644;&#x62E;&#x64A;&#x631;&#x627;&#x62A; &#x648;&#x634;&#x648;&#x627;&#x631;&#x642; &#x627;&#x644;&#x627;&#x646;&#x648;&#x627;&#x631; &#x641;&#x64A; &#x630;&#x643;&#x631; &#x627;&#x644;&#x635;&#x644;&#x648;&#x629; &#x639;&#x644;&#x649; &#x627;&#x644;&#x646;&#x628;&#x64A; &#x627;&#x644;&#x645;&#x62E;&#x62A;&#x627;&#x631;.</marc:subfield>
</marc:datafield>
    <marc:datafield ind1=" " ind2=" " tag="948">
  <marc:subfield code="h">HELD BY PAU - 1 OTHER HOLDINGS</marc:subfield>
</marc:datafield>
    <marc:datafield ind1=" " ind2=" " tag="994">
  <marc:subfield code="a">Z0</marc:subfield>
  <marc:subfield code="b">PAU</marc:subfield>
</marc:datafield>
    <marc:datafield ind1=" " ind2=" " tag="996">
  <marc:subfield code="a">hinge-right</marc:subfield>
</marc:datafield>
    <marc:holdings>
      <marc:holding>
        <marc:holding_id>22608639100003681</marc:holding_id>
        <marc:call_number>CAJS Rar Ms 133</marc:call_number>
        <marc:library>KatzLib</marc:library>
        <marc:location>cjsrarms</marc:location>
      </marc:holding>
    </marc:holdings>
  </marc:record>
</marc:records>
